@misc{Lamport, 
	author = {Leslie Lamport},
	title = {My Wrtings},
	howpublished = {http://research.microsoft.com/en-us/um/people/lamport/pubs/pubs.html#latex},
	note = {[Online Zugriff am 10.12.2016]}
}

@misc{readme,
	author = {Ctan.org},
	title={readme.dec91-version},
	howpublished={https://www.ctan.org/tex-archive/obsolete/macros/latex209/distribs/latex209.tar.gz},
	note ={Vgl. readme.dec91-version in latex20.tar.gz auf CTAN [Online Zugriff am 10.12.2016}"
}

@BOOK{Mittelbach2010,
	AUTHOR = {Mittelbach, Frank AND Goossens, Michel},
	YEAR = {2010},
	TITLE = {Der LaTeX-Begleiter - },
	EDITION = {2. Aufl.},
	ISBN = {978-3-868-94088-6},
	PUBLISHER = {Pearson Deutschland GmbH},
	ADDRESS = {München},
}

@misc{usrguide,
	author="\LaTeX3 Project Team",
	title ="\LaTeX2$\epsilon for authors",
	howpublished="https://www.ctan.org/tex-archive/macros/latex/doc/usrguide.pdf",
	note="[Online Zugriff am 10.12.2016]"
}

@misc{Fenn,
	author="Jürgen Fenn",
	title="FAQ: Textsatz mit TeX/LaTeX",
	howpublished="https://www.heise.de/ct/hotline/FAQ-Textsatz-mit-TeX-LaTeX-326988.html",
	note="In c't H. 16/2009, S. 152 [Online Zugriff am 10.12.2016"
}

@misc{TeX,
	author="ctan.org",
	title="What are TeX, LaTeX, and friend?",
	howpublished="https://www.ctan.org/what_is_tex.html",
	note="Online Zugriff am 10.12.2016"
}

@online{Gaudeul,
	ALTauthor = {Gaudeul, Alexia},
	title = {Do Open Source Developers Respond to Competition?: The LaTeX Case Study},
	date = {27.03.2006},
	url = {https://papers.ssrn.com/sol3/papers.cfm?abstract_id=908946},
	OPTorganization = {Georg-August-Universität Göttingen},
	OPTurldate = {10.12.2016}
}

