@misc{Lamport, 
	author = {Leslie Lamport},
	title = {My Wrtings},
	howpublished = "\url{http://research.microsoft.com/en-us/um/people/lamport/pubs/pubs.html#latex}",
	note = {[Online Zugriff am 10.12.2016]}
}

@misc{readme,
	author = {Ctan.org},
	title={readme.dec91-version},
	howpublished="\url{https://www.ctan.org/tex-archive/obsolete/macros/latex209/distribs/latex209.tar.gz}",
	note ={Vgl. readme.dec91-version in latex20.tar.gz auf CTAN [Online Zugriff am 10.12.2016]}
}

@BOOK{Mittelbach2010,
	AUTHOR = {Mittelbach, Frank AND Goossens, Michel},
	YEAR = {2010},
	TITLE = {Der LaTeX-Begleiter - },
	EDITION = {2. Aufl.},
	ISBN = {978-3-868-94088-6},
	PUBLISHER = {Pearson Deutschland GmbH},
	ADDRESS = {München},
	note = {siehe Vorwort}
}

@misc{usrguide,
	author="{\LaTeX 3 Project Team}",
	title ={\LaTeX 2 $\epsilon$ for authors},
	howpublished="\url{https://www.ctan.org/tex-archive/macros/latex/doc/usrguide.pdf}",
	note={[Online Zugriff am 10.12.2016]}
}

@misc{Fenn,
	author={Jürgen Fenn},
	title={FAQ: Textsatz mit TeX/LaTeX},
	howpublished="\url{https://www.heise.de/ct/hotline/FAQ-Textsatz-mit-TeX-LaTeX-326988.html}",
	note={In c't H. 16/2009, S. 152 [Online Zugriff am 10.12.2016}
}

@misc{TeX,
	author={ctan.org},
	title={What are TeX, LaTeX, and friends?},
	howpublished="\url{https://www.ctan.org/what_is_tex.html}",
	note={[Online Zugriff am 10.12.2016]}
}

@online{Gaudeul,
	author = {Gaudeul, Alexia},
	title = {Do Open Source Developers Respond to Competition?: The LaTeX Case Study},
	date = {27.03.2006},
	url = {https://papers.ssrn.com/sol3/papers.cfm?abstract_id=908946},
	organization = {Georg-August-Universität Göttingen},
	urldate = {10.12.2016},
}

@misc{pandoc,
	author={John McFarlane},
	title={pandoc},
	howpublished="\url{http://johnmacfarlane.net/pandoc/}",
	note={Online Zugriff am 10.12.2016}
}

@misc{Ensenbach,
	author={Marc Enenbach, Mark Trettin},
	title={Das \LaTeX 2 $\epsilon$-Sündenregister},
	howpublished="\url={http://dante.ctan.org/tex-archive/info/l2tabu/german/l2tabu.pdf}",
	note={Kapitel 2.2.6},
	date={3.2.2016}
}

@book{Babel,
	author = {Johannes Braams},
	title = {Babel, a multilingual style-option system for use with LaTeX's standard document styles},
	booktitle = {TUGboat},
	date = {1991},
	bookauthor = {TUG},
	volume = {12},
	number = {2},
	note = {„A lot of the ideas incorporated in this set of files come from the work of Hubert Partl, german.tex. Some parts in the implementation are different, others are the same. It will be shown that german.tex can be modified to fit into this scheme of style options.“},
	pages = {291},
	url ={http://tug.org/TUGboat/tb12-2/tb32braa.pdf},
	urldate = {10.12.2016},
}

@book{Kopka,
	author = {Helmut Kopka},
	title = {LaTeX},
	date = {2000},
	subtitle = {Einführung},
	volume = {1},
	edition = {3. Aufl.},
	publisher = {Addison-Wesley},
	address = {München},
	isbn = {978-3-8273-1557-1},
	pages = {339 ff.}
}

@book{Knuth,
	author={Donald E. Knuth},
	title={The TeXbook},
	date={1986},
	publisher={Addison-Wesley},
	address={Boston},
	isbn={0-201-13447-0},
	pages={1}
		
}

@misc{Connor,
	author={Edward O'Connor},
	title={TeX and LaTeX logo POSHlets},
	howpublished="\url{http://tess.oconnor.cx/2007/08/tex-poshlet}",
	note={Online Zugriff am 10.12.2016},
	date={22.08.2007}
}

@misc{tara,
	author={Dario Taraborelli},
	title={CSS-driven TeX logos.},
	howpublished="\url{http://nitens.org/taraborelli/texlogo}",
	note={Online Zugriff am 10.12.2016},
}

@article{Walden,
	author = {David Walden},
	title = {Travels in TeX Land. A Macro, Three Software Packages, and the Trouble with TeX.},
	journaltitle = {The PracTeX journal},
	date = {2005},
	number = {3},
	url = {http://www.tug.org/pracjourn/2005-3/walden-travels/},
	urldate = {11.12.2016},
}

@article{Knauff,
	author = {Markus Knauff, Jelica Nejasmic},
	title = {An Efficiency Comparison of Document Preparation Systems Used in Academic Research and Development},
	journaltitle = {PLOS ONE},
	date = {19.12.2014},
	doi = {10.1371/journal.pone.0115069},
	url = {https://dx.doi.org/10.1371/journal.pone.0115069},
	urldate = {11.12.2016},
}

@misc{nature,
	author = {Chris Woolston},
	title = {Word-processing war flares up on social media},
	date = {05.01.2015},
	url = {http://www.nature.com/news/word-processing-war-flares-up-on-social-media-1.16669},
	urldate = {11.12.2016},
}
